@incollection {pan2018getting,
  title = {Comenzando con Arduino},
  autor = {Pan, Tianhong y Zhu, Yi},
  booktitle = {Diseñar sistemas integrados con Arduino},
  páginas = {3--16},
  año = {2018},
  editor = {Springer}
}
@phdthesis{zambrano2015estudio,
  title={Estudio de una conexi{\'o}n de internet aplicando un protocolo de alta disponibilidad para la empresa Grupo Agriproduct SA en la ciudad de Guayaquil.},
  author={Zambrano Gamboa, Javier Norberto},
  year={2015},
  school={Universidad de Guayaquil. Facultad de Ingenier{\'\i}a Industrial. Carrera de~…}
}
@article{wijaya2020design,
  title={The Design of Heart Rate Detector and Body Temperature Measurement Device Using ATMega16},
  author={Wijaya, Nur Hudha and Fauzi, Fajar Ahmad and Helmy, Elsayed T and Nguyen, Phong Thanh and Atmoko, Rachmad Andri},
  journal={Journal of Robotics and Control (JRC)},
  volume={1},
  number={2},
  pages={40--43},
  year={2020}
}
@article{casco2014raspberry,
  title={Raspberry Pi, Arduino y Beaglebone Black Comparaci{\'o}n y Aplicaciones},
  author={Casco, S},
  journal={vol},
  volume={1},
  pages={4--8},
  year={2014}
}
@article {caire2001throughput,
  title = {El rendimiento de los protocolos ARQ híbridos para el canal de colisión gaussiano},
  author = {Caire, Giuseppe y Tuninetti, Daniela},
  journal = {IEEE Transactions on Information Theory},
  volumen = {47},
  número = {5},
  páginas = {1971-1988},
  año = {2001},
  editor = {IEEE}
}